# Currently unused, kept here if Cone Search specific bib records were
# needed

